<record><leader>01036cam a2200301 a 4500</leader><controlfield tag="001">1321850</controlfield><controlfield tag="008">900921s1985    gw ab    b      1 0 ger d</controlfield><datafield ind1=" " ind2=" " tag="010"><subfield code="z">   81181656</subfield></datafield><datafield ind1=" " ind2=" " tag="015"><subfield code="a">GFR***</subfield></datafield><datafield ind1=" " ind2=" " tag="035"><subfield code="a">ocm37384823</subfield></datafield><datafield ind1=" " ind2=" " tag="040"><subfield code="a">DLC</subfield><subfield code="b">eng</subfield><subfield code="c">DLC</subfield></datafield><datafield ind1=" " ind2=" " tag="043"><subfield code="a">e-gw---</subfield></datafield><datafield ind1=" " ind2=" " tag="049"><subfield code="a">AEU</subfield><subfield code="b">eng</subfield></datafield><datafield ind1="0" ind2="0" tag="050"><subfield code="a">JN3971.A38</subfield><subfield code="b">S873624 1981</subfield></datafield><datafield ind1="0" ind2=" " tag="082"><subfield code="a">354.43</subfield><subfield code="2">19</subfield></datafield><datafield ind1="0" ind2=" " tag="090"><subfield code="a">JN 3971 A38 L373 1985</subfield></datafield><datafield ind1="1" ind2=" " tag="100"><subfield code="a">Laufer, Heinz,</subfield><subfield code="d">1933-</subfield></datafield><datafield ind1="1" ind2="4" tag="245"><subfield code="a">Das f&#246;derative System der Bundesrepublik Deutschland /</subfield><subfield code="c">Heinz Laufer.</subfield></datafield><datafield ind1=" " ind2=" " tag="250"><subfield code="a">5. neu bearbeitete Aufl.</subfield></datafield><datafield ind1=" " ind2=" " tag="260"><subfield code="a">M&#252;nchen :</subfield><subfield code="b">Bayerische Landeszentrale f&#252;r Politische Bildungsarbeit,</subfield><subfield code="c">1985.</subfield></datafield><datafield ind1=" " ind2=" " tag="300"><subfield code="a">319 p. :</subfield><subfield code="b">ill., maps ;</subfield><subfield code="c">23 cm.</subfield></datafield><datafield ind1=" " ind2=" " tag="336"><subfield code="a">text</subfield><subfield code="b">txt</subfield><subfield code="2">rdacontent</subfield></datafield><datafield ind1=" " ind2=" " tag="337"><subfield code="a">unmediated</subfield><subfield code="b">n</subfield><subfield code="2">rdamedia</subfield></datafield><datafield ind1=" " ind2=" " tag="338"><subfield code="a">volume</subfield><subfield code="b">nc</subfield><subfield code="2">rdacarrier</subfield></datafield><datafield ind1=" " ind2=" " tag="504"><subfield code="a">Includes bibliographies and indexes.</subfield></datafield><datafield ind1=" " ind2=" " tag="596"><subfield code="a">38</subfield></datafield><datafield ind1=" " ind2="0" tag="650"><subfield code="a">Federal government</subfield><subfield code="z">Germany (West)</subfield></datafield><datafield ind1=" " ind2=" " tag="926"><subfield code="a">JN 3971 A38 L373 1985</subfield><subfield code="w">LC</subfield><subfield code="c">1</subfield><subfield code="i">000034067751</subfield><subfield code="l">ON_SHELF</subfield><subfield code="m">UABARD</subfield><subfield code="p">$150.00</subfield><subfield code="r">Y</subfield><subfield code="s">Y</subfield><subfield code="t">BOOK</subfield><subfield code="u">9/26/1990</subfield><subfield code="o">.STAFF. A0053575</subfield></datafield></record>